@article{Yale1966, title = {{Automorphisms of the complex numbers}}, author={P. B. Yale}, journal ={Mathematics Magazine}, volume = {}, pages={}, year={1966}}

@article{Herstein1956, title = {{Jordan Homomorphisms}}, author={I.N. Herstein}, journal ={Trans. of the Americ. Math. Soc.}, volume = {81}, pages={331-341}, year={1956}}

@article{Hiai1987, title = {{Similarity Preserving Linear Maps on Matrices}}, author={F. Hiai}, journal ={Lin. Alg. and its Appl.}, volume = {97}, pages={127-139}, year={1987}}

@article{DiVincenzo2000, title = {{Evidence for Bound Entangled States with Negative Partial Transpose}}, author={D. P. DiVincenzo, P. W. Shor, J. A. Smolin, B. M. Terhal, A. V. Thapliyal}, journal ={Phys. Rev. A}, volume = {61}, number={6}, pages={}, year={2000}}

@article{Horodecki1998, title = {{Mixed-state entanglement and distillation: is there a "bound" entanglement in nature?}}, author={M. Horodecki, P. Horodecki, R. Horodecki}, journal ={Phys. Rev. Lett.}, volume = {80}, number={24}, pages={5239-5242}, year={1998}}

@article{Horodecki21998, title = {{Reduction criterion of seperability and limits for a class of protocols of entanglement distillation}}, author={M. Horodecki, P. Horodecki}, journal ={Phys. Rev. A}, volume = {59}, number={6}, pages={4206-4216}, year={1999}}

@article{Horodecki1996, title = {{Seperability of mixed states: necessary and sufficient conditions}}, author={Michael Horodecki, Pawel Horodecki, Ryszard Horodecki}, journal ={Phys. Lett. A}, volume = {233}, pages={1-8}, year={1996}}

@article{Woronowicz1976, title = {{Positive Maps of Low Dimensional Matrix Algebras}}, author={S.L. Woronowicz}, journal ={Rep. on math. phys.}, volume = {10}, pages={165-183}, year={1976}}

@article{Skowronek2011, title = {{Cones with a mapping cone symmetry in the finite dimensional case}}, author={\L. Skowronek}, journal ={Lin. Alg. and its Appl.}, volume = {435}, pages={361-370}, year={2011}}

@article{Skowronek2009, title = {{Cones of positive maps and their duality relations}}, author={\L. Skowronek, E. St{\o}rmer, K.Zyczkowski}, journal ={J. of Math. Phys.}, volume = {50}, number={6} pages={}, year={2009}}

@article{Stoermer2010, title = {{Tensor powers of 2-positive maps}}, author={E. St{\o}rmer}, journal ={J. of Math. Phys.}, volume = {51}, number={10}, pages={}, year={2010}}

@article{Stoermer2011, title = {{Tensor products of positive maps of matrix algebras}}, author={E. St{\o}rmer}, journal ={http://arxiv.org/abs/1101.2114}, volume = {}, pages={}, year={2011}}

@article{Stoermer2009, title = {{Mapping Cones of positive maps}}, author={E. St{\o}rmer}, journal ={http://arxiv.org/abs/0906.0472}, volume = {}, pages={}, year={2009}}

@article{Skowronek2012, title = {{Choi matrices, norms and entanglement associated with positive maps on matrix algebras}}, author={\L. Skowronek, E. St{\o}rmer}, journal ={J. of Func. Ana.}, volume = {262}, pages={639-647}, year={2012}}

@article{Kretschmann2004, title = {{Tema con variazioni: quantum channel capacity}}, author={D. Kretschmann, R.F. Werner}, journal ={New J. of Phys.}, volume = {6}, pages={26}, year={2004}}

@article{Maravcikova2010, title = {{Entanglement annihilating and entanglement breaking channels}}, author={L. Moravcikova, M. Ziman}, journal ={J.Phys.A: Math. Theor.}, volume = {43}, pages={275306}, year={2010}}

@article{Filippov2012, title = {{Local two-qubit entanglement-annihilating channels}}, author={S.N. Filippov, T. Rybar, M.Ziman}, journal ={Phys. Rev. A}, volume = {85}, pages={012303}, year={2012}}

@article{Vidal2002, title = {{Computable measure of entanglement}}, author={G. Vidal, R.F. Werner}, journal ={Phys. Rev. A}, volume = {65}, pages={032314}, year={2002}}

@article{Bhatia1, title = {{Matrix Analysis}}, author={R. Bhatia}, journal ={Springer}, volume = {169}, pages={}, year={1997}}

@article{Bhatia2, title = {{Positive Definite Matrices}}, author={R. Bhatia}, journal ={{Princeton University Press}}, volume = {}, pages={}, year={2007}}

@article{Smith2012, title = {{Detecting Incapacity of a Quantum Channel}}, author={G. Smith, J.A. Smolin}, journal ={Phys. Rev. Lett.}, volume = {108}, pages={230507}, year={2012}}

@article{Rockafellar1997, title = {{Convex Analysis}}, author={R. Rockafellar}, journal ={Princeton University Press}, volume = {}, pages={}, year={1997}}

@article{Nielsen2007, title = {{Quantum Computation and Quantum Information}}, author={M.A. Nielsen, I.L. Chuang}, journal ={Cambridge University Press}, volume = {}, pages={}, year={2007}}

@article{Onishchik2006, title = {{Projective and Cayley-Klein Geometries}}, author={A.L. Onishchik, R. Sulanke}, journal ={Springer}, volume = {}, pages={}, year={2006}}

@article{Semrl2008, title = {{Characterizing Jordan Automorphisms of Matrix Algebras Through Preserving Properties}}, author={P. Semrl}, journal ={Operators and Matrices}, volume = {2},number={1}, pages={125-136}, year={2008}}

@article{Shannon1948, title = {{A Mathematical Theory of Communication}}, author={C.E. Shannon}, journal ={{Bell Sys. Tech. Jour.}}, volume = {27}, pages={379-423}, year={1948}}

@article{Lloyd1997, title = {{Capacity of the noisy quantum channel}}, author={S. Lloyd}, journal ={{Phys. Rev. A}}, volume = {55}, pages={1613-1622}, year={1997}}

@article{Devetak2005, title = {{The private classical capacity and quantum capacity of a quantum channel}}, author={I. Devetak}, journal ={{IEEE Trans. on Inf. Theory}}, volume = {51}, pages={44-55}, year={2005}}

@article{Wilde2012, title = {{From Classical to Quantum Channel Theory}}, author={M.M. Wilde}, journal ={{arXiv:1106.1445v4}}, volume = {}, pages={}, year={2012}}

@article{Wolf2012, title = {{Quantum Channels and Operations}}, author={M.M. Wolf}, journal ={{Skript}}, volume = {}, pages={}, year={2012}}

@article{Werner1989, title = {{Quantum States with Einstein-Podolsky-Rosen correlations admitting a hidden-variable model}}, author={R.F. Werner}, journal ={{Phys. Rev. A}}, volume = {40}, number={8}, pages={4277-4281}, year={1989}} 

@article{Bennett1999, title = {{Quantum nonlocality without entanglement}}, author={C.H. Bennett, D.P. DiVincenzo, C.A. Fuchs, T. Mor, E. Rains, P.W. Shor, J.A. Smolin, W.K. Wootters}, journal ={{Phys. Rev. A}}, volume = {59}, number={2}, pages={1070-1091}, year={1999}} 

@article{Duan2009, title = {{Distinguishability of Quantum States by Separable Operations}}, author={R. Duan, Y. Feng, Y. Xin, M. Ying}, journal ={{IEEE Trans. on Inf. Theory}}, volume = {55}, number={3}, pages={1320-1330}, year={2009}} 

@article{Pierce1992, title = {{A survey on linear preserver problems}}, author={S. Pierce, M.H. Lim, R. Loewy, C.K. Lie, N.K. Tsing, B. McDonald, L. Beasly}, journal ={{Lin. and Multilin. Alg}}, volume = {33}, number={1-2}, pages={}, year={1992}} 	

@article{Semrl2004, title = {{Applying projective geometry to transformations on rank one idempotents}}, author={P. Semrl}, journal ={{Journ. of Func. Ana.}}, volume = {210}, number={}, pages={248-257}, year={2004}} 	

@article{Molnar1998, title = {{An algebraic approach to Wigner's unitary-antiunitary theorem}}, author={L. Molnar}, journal ={{Journ. of the Austr. Math. Soc.}}, volume = {65}, number={3}, pages={354-369}, year={1998}} 

@article{Paulsen2003, title = {{Completely Bounded Maps and Operator Algebras}}, author={V.I. Paulsen}, journal ={{Cambridge University Press}}, volume = {}, number={}, pages={}, year={2003}} 

@article{Helton1985, title = {{Signature Preserving Linear Maps of Hermitian Matrices}}, author={J.W. Helton, L. Rodman}, journal ={{Lin. and Multilin. Alg.}}, volume = {17}, number={}, pages={29-37}, year={1985}} 



